<record><leader>00000cas a22000007a 4500</leader><controlfield tag="001">18457849</controlfield><controlfield tag="008">880908d18461854nyuwr ne      0    0eng d</controlfield><datafield ind1=" " ind2=" " tag="010"><subfield code="a">sn 89071033 </subfield></datafield><datafield ind1=" " ind2=" " tag="040"><subfield code="a">NYS</subfield><subfield code="b">eng</subfield><subfield code="c">NYS</subfield><subfield code="d">OCL</subfield><subfield code="d">OCLCQ</subfield><subfield code="d">OCLCF</subfield><subfield code="d">OCLCO</subfield></datafield><datafield ind1=" " ind2=" " tag="042"><subfield code="a">msc</subfield></datafield><datafield ind1=" " ind2=" " tag="043"><subfield code="a">n-us-ny</subfield></datafield><datafield ind1="0" ind2="4" tag="245"><subfield code="a">The Amsterdam intelligencer.</subfield></datafield><datafield ind1=" " ind2=" " tag="260"><subfield code="a">Amsterdam, N.Y. :</subfield><subfield code="b">James Riggs</subfield></datafield><datafield ind1=" " ind2=" " tag="300"><subfield code="a">v. ;</subfield><subfield code="c">55-58 cm.</subfield></datafield><datafield ind1=" " ind2=" " tag="310"><subfield code="a">Weekly</subfield></datafield><datafield ind1="1" ind2=" " tag="362"><subfield code="a">Began in 1846? Ceased in 1854.</subfield></datafield><datafield ind1=" " ind2=" " tag="500"><subfield code="a">Publishers: James Riggs, &lt;1847&gt;; William H. Riggs, &lt;1852&gt;; James Riggs, &lt;1853&gt;.</subfield></datafield><datafield ind1=" " ind2=" " tag="515"><subfield code="a">Oct. 5, 1852 issue numbered: New ser., v. 7, no. 22 = whole no. 335.</subfield></datafield><datafield ind1=" " ind2=" " tag="588"><subfield code="a">Description based on: Vol. 13, no. 11 (Mar. 17, 1847) = new ser., v. 1, no. 45.</subfield></datafield><datafield ind1=" " ind2="0" tag="651"><subfield code="a">Amsterdam (N.Y.)</subfield><subfield code="v">Newspapers.</subfield></datafield><datafield ind1=" " ind2="7" tag="655"><subfield code="a">Newspapers.</subfield><subfield code="2">fast</subfield><subfield code="0">(OCoLC)fst01423814</subfield></datafield><datafield ind1=" " ind2="7" tag="651"><subfield code="a">New York (State)</subfield><subfield code="z">Amsterdam.</subfield><subfield code="2">fast</subfield><subfield code="0">(OCoLC)fst01216855</subfield></datafield><datafield ind1=" " ind2=" " tag="752"><subfield code="a">United States</subfield><subfield code="b">New York</subfield><subfield code="c">Montgomery</subfield><subfield code="d">Amsterdam.</subfield></datafield><datafield ind1="0" ind2="0" tag="780"><subfield code="t">Intelligencer, and Mohawk advertiser</subfield><subfield code="w">(DLC)sn 83030671</subfield></datafield><datafield ind1="0" ind2="0" tag="785"><subfield code="t">Amsterdam recorder</subfield><subfield code="w">(DLC)sn 83030673</subfield></datafield></record>